@misc{moscow,
      author = "Dai Clegg",
      title  = "MoSCoW Prioritisation",
      month  = "may",
      year   = "2014",
      url    = "http://dsdm.org/content/10-moscow-prioritisation"
}

@misc{apachelog,
	author = "Apache",
    title = "Apace Commons Logging",
    month = "october",
    year = "2014",
    url = "http://commons.apache.org/proper/commons-logging/guide.html"
}

@misc{formatstring,
	author = "Oracle",
    title = "Formatter (Java Platform SE7)",
    month = "october",
    year = "2014",
    url = "http://docs.oracle.com/javase/7/docs/api/java/util/Formatter.html"
}

@misc{throwable,
	author = "Oracle",
    title = "Throwable (Java Platform SE7)",
    month = "october",
    year = "2014",
    url = "http://docs.oracle.com/javase/7/docs/api/java/lang/Throwable.html"
}

